@article{salganik2006,
	year      = {2006},
	issn      = {1099-3460},
	journal   = {Journal of Urban Health},
	volume    = {83},
	number    = {1},
	title     = {Variance Estimation, Design Effects, and Sample Size Calculations for Respondent-Driven Sampling},
	author    = {Salganik, Matthew J.},
	pages     = {98-112}
}

@article{vh2008,
 year      = {2008},
	issn      = {0282-423X},
	journal   = {Journal of Official Statistics},
	volume    = {24},
	number    = {1},
	title     = {Probability Based Estimation Theory for Respondent Driven Sampling},
	author    = {Volz, Erik and Douglas D. Heckathorn}
	pages     = {79-97}
}

@manual{rdsat,
 author    = {Volz, Erik and Cyprian Wejnert and Chris Cameron and Michael W. Spiller and Vladimir Barash and Ismail Degani and Douglas D. Heckathorn},
	title     = {Respondent-Driven Sampling Analysis Tool (RDSAT)},
	year      = {2012},
	address   = {Ithaca, NY: Cornell University},
	url       = {http://www.respondentdrivensampling.org/}
}